@article{manlik2022stochastic,
  title={A stochastic model for estimating sustainable limits to wildlife mortality in a changing world},
  author={Manlik, Oliver and Lacy, Robert C and Sherwin, William B and Finn, Hugh and Loneragan, Neil R and Allen, Simon J},
  journal={Conservation Biology},
  pages={e13897},
  year={2022},
  publisher={Wiley Online Library}
}

@article{bar2018biomass,
  title={The biomass distribution on Earth},
  author={Bar-On, Yinon M and Phillips, Rob and Milo, Ron},
  journal={Proceedings of the National Academy of Sciences},
  volume={115},
  number={25},
  pages={6506--6511},
  year={2018},
  publisher={National Acad Sciences}
}

@article{johnson2004model,
  title={Model selection in ecology and evolution},
  author={Johnson, Jerald B and Omland, Kristian S},
  journal={Trends in ecology \& evolution},
  volume={19},
  number={2},
  pages={101--108},
  year={2004},
  publisher={Elsevier}
}

@article{levins1966strategy,
  title={The strategy of model building in population biology},
  author={Levins, Richard},
  journal={American scientist},
  volume={54},
  number={4},
  pages={421--431},
  year={1966},
  publisher={JSTOR}
}

@article{sibly2002population,
  title={Population growth rate and its determinants: an overview},
  author={Sibly, Richard M and Hone, Jim},
  journal={Philosophical Transactions of the Royal Society of London. Series B: Biological Sciences},
  volume={357},
  number={1425},
  pages={1153--1170},
  year={2002},
  publisher={The Royal Society}
}

@article{krebs1985ecology,
  title={Ecology; the experimental analysis of distribution and abundance},
  author={Krebs, Charles J},
  year={1985},
  publisher={New York, NY (USA) Harper and Row}
}

@article{peleg2011microbial,
  title={Microbial growth curves: what the models tell us and what they cannot},
  author={Peleg, Micha and Corradini, Maria G},
  journal={Critical reviews in food science and nutrition},
  volume={51},
  number={10},
  pages={917--945},
  year={2011},
  publisher={Taylor \& Francis}
}

@article{buchanan1997simple,
  title={When is simple good enough: a comparison of the Gompertz, Baranyi, and three-phase linear models for fitting bacterial growth curves},
  author={Buchanan, RL and Whiting, RC and Damert, WC},
  journal={Food microbiology},
  volume={14},
  number={4},
  pages={313--326},
  year={1997},
  publisher={Elsevier}
}

@book{motulsky2004fitting,
  title={Fitting models to biological data using linear and nonlinear regression: a practical guide to curve fitting},
  author={Motulsky, Harvey and Christopoulos, Arthur},
  year={2004},
  publisher={Oxford University Press}
}

@Manual{RStudio,
    title = {R: A Language and Environment for Statistical Computing},
    author = {{R Core Team}},
    organization = {R Foundation for Statistical Computing},
    address = {Vienna, Austria},
    year = {2020},
    url = {https://www.R-project.org/},
}

@article{mishra2019descriptive,
  title={Descriptive statistics and normality tests for statistical data},
  author={Mishra, Prabhaker and Pandey, Chandra M and Singh, Uttam and Gupta, Anshul and Sahu, Chinmoy and Keshri, Amit},
  journal={Annals of cardiac anaesthesia},
  volume={22},
  number={1},
  pages={67},
  year={2019},
  publisher={Wolters Kluwer--Medknow Publications}
}